@inproceedings{Knight:2012:ASL:2342356.2342378,
 author = {Knight, Simon and Jaboldinov, Askar and Maennel, Olaf and Phillips, Iain and Roughan, Matthew},
 title = {AutoNetkit: Simplifying Large Scale, Open-source Network Experimentation},
 booktitle = {Proceedings of the ACM SIGCOMM 2012 Conference on Applications, Technologies, Architectures, and Protocols for Computer Communication},
 series = {SIGCOMM '12},
 year = {2012},
 isbn = {978-1-4503-1419-0},
 location = {Helsinki, Finland},
 pages = {97--98},
 numpages = {2},
 url = {http://doi.acm.org/10.1145/2342356.2342378},
 doi = {10.1145/2342356.2342378},
 acmid = {2342378},
 publisher = {ACM},
 address = {New York, NY, USA},
 keywords = {automated configuration, emulation, network management},
}
@inproceedings{galan2004use,
  title={Use of virtualization tools in computer network laboratories},
  author={Gal{\'a}n, Ferm{\i}n and Fern{\'a}ndez, David and Ruiz, Javier and Walid, Omar and de Miguel, Tom{\'a}s},
  booktitle={Proc. 5th International Conference on Information Technology Based Higher Education and Training (ITHET 2004)},
  pages={209--214},
  year={2004}
}
@inproceedings{younge2011analysis,
  title={Analysis of virtualization technologies for high performance computing environments},
  author={Younge, Andrew J and Henschel, Robert and Brown, James T and Von Laszewski, Gregor and Qiu, Judy and Fox, Geoffrey C},
  booktitle={Cloud Computing (CLOUD), 2011 IEEE International Conference on},
  pages={9--16},
  year={2011},
  organization={IEEE}
}